@Misc{PAP,
Title= {PAP: Particulier à Particulier},
Year= {2020},
Type= {Entreprise de presse immobilier français},
Url= {https://pap.fr}
}


@Misc{RATP,
Title= {RATP Open Data},
Year= {2020},
Type= {Régie autonome des transports parisiens},
Url= {https://dataratp2.opendatasoft.com/explore/dataset/positions-geographiques-des-stations-du-reseau-ratp/information/?disjunctive.stop_name}
}


@Misc{UDP,
Title= {Université de Paris},
Year= {2020},
Type= {Université de Paris},
Url= {https://www.sorbonne.fr/toutes-les-universites/}
}

@Misc{Monuments,
Title= {Monuments de Paris},
Year= {2020},
Type= {Monuments de Paris},
Url= {http://www.quotidiendutourisme.com/france/quels-sont-les-monuments-les-plus-visites-de-paris/170372}
}

@Misc{CoordonneeGPS,
Title= {Coordonnées GPS},
Year= {2020},
Type= {Coordonnées GPS},
Url= {https://www.coordonnees-gps.fr/}
}


